<?xml version="1.0" encoding="UTF-8"?><collection xmlns="http://www.loc.gov/MARC21/slim"><record><leader>00480nam--2200169-i-4500</leader><controlfield tag="001">000034325</controlfield><controlfield tag="002">20161230</controlfield><controlfield tag="005">20161230201040</controlfield><controlfield tag="008">060222s1000------------r-----000-0-FRE-d</controlfield><datafield ind1=" " ind2=" " tag="040"><subfield code="a">IFIN-HH</subfield></datafield><datafield ind1=" " ind2=" " tag="041"><subfield code="a">FRE</subfield></datafield><datafield ind1=" " ind2=" " tag="080"><subfield code="a">519.244(043)</subfield></datafield><datafield ind1="1" ind2=" " tag="100"><subfield code="a">Noguez, Gerard</subfield></datafield><datafield ind1="1" ind2="0" tag="245"><subfield code="a">Etude d`un modele temporel des systemes sequentiels. these</subfield><subfield code="c">Gerard noguez</subfield></datafield><datafield ind1=" " ind2=" " tag="260"><subfield code="a">Paris, L`Univ.Pierre Et Marie Curie, 1975, 214p.+ Dif</subfield></datafield><datafield ind1=" " ind2=" " tag="852"><subfield code="a">46400</subfield><subfield code="c">519.2</subfield></datafield><datafield ind1=" " ind2=" " tag="CAT"><subfield code="a">Sys</subfield><subfield code="c">20100603</subfield><subfield code="h">094533</subfield></datafield></record></collection>